@article {minimallyinvasive,
	author = {M. Rosen, J. Ponsky},
    title = {Minimally Invasive Surgery},
    volume = {33},
    number = {4},
    year = {2001},
    pages = {358-366},
    url = {https://www.thieme-connect.com/products/ejournals/html/10.1055/s-2001-13689#N66875},
   	publisher = {Georg Thieme Verlag Stuttgart},
 	address = {New York, NY, USA},
    doi = {10.1055/s-2001-13689}
}

Keypoint based method
@article{dglowe1,
 author = {Lowe, David G.},
 title = {Distinctive Image Features from Scale-Invariant Keypoints},
 journal = {Int. J. Comput. Vision},
 issue_date = {November 2004},
 volume = {60},
 number = {2},
 month = nov,
 year = {2004},
 issn = {0920-5691},
 pages = {91--110},
 numpages = {20},
 url = {https://doi.org/10.1023/B:VISI.0000029664.99615.94},
 doi = {10.1023/B:VISI.0000029664.99615.94},
 acmid = {996342},
 publisher = {Kluwer Academic Publishers},
 address = {Hingham, MA, USA},
 keywords = {image matching, invariant features, object recognition, scale invariance},
}

Keypoint based method
@INPROCEEDINGS{dwagner, 
author={D. Wagner and G. Reitmayr and A. Mulloni and T. Drummond and D. Schmalstieg}, 
booktitle={2008 7th IEEE/ACM International Symposium on Mixed and Augmented Reality}, 
title={Pose tracking from natural features on mobile phones}, 
year={2008}, 
volume={}, 
number={}, 
pages={125-134}, 
keywords={augmented reality;feature extraction;image texture;mobile computing;mobile handsets;pose estimation;target tracking;Ferns feature descriptor;SIFT feature descriptor;augmented reality;current-generation phone;mobile phone;natural feature tracking;pose tracking;textured planar target;Application software;Augmented reality;Computer vision;Detectors;Image edge detection;Mobile computing;Mobile handsets;Personal communication networks;Real time systems;Target tracking;H.5.1 [Information Interfaces and Presentation]: Multimedia Information Systems — Artificial, augmented, and virtual realities;I.4.8 [Image Processing and Computer Vision]: Scene Analysis — Tracking;mobile phones;natural features;pose tracking}, 
doi={10.1109/ISMAR.2008.4637338}, 
ISSN={}, 
month={Sept},}

Deep Learning Review
@Article{ylecun,
author={LeCun, Yann
and Bengio, Yoshua
and Hinton, Geoffrey},
title={Deep learning},
journal={Nature},
year={2015},
month={May},
day={28},
publisher={Nature Publishing Group, a division of Macmillan Publishers Limited. All Rights Reserved.},
volume={521},
number={7553},
pages={436-444},
note={Insight},
issn={0028-0836},
url={http://dx.doi.org/10.1038/nature14539}
}

Edge detection
@inproceedings{charris,
   title = {RAPID - a video rate object tracker},
   author = {Harris, C. and Stennett, C.},
   year = {1990},
   pages = {15.1-15.6},
   booktitle = {Proceedings of the British Machine Vision Conference},
   publisher = {BMVA Press},
   editors = {Sleigh, Andrew},
   isbn = {},
   note = {doi:10.5244/C.4.15}
}

Edge detection
@ARTICLE{dglowe2, 
author={D. G. Lowe}, 
journal={IEEE Transactions on Pattern Analysis and Machine Intelligence}, 
title={Fitting parameterized three-dimensional models to images}, 
year={1991}, 
volume={13}, 
number={5}, 
pages={441-450}, 
keywords={curve fitting;pattern recognition;picture processing;2D image matching;3D model;Levenberg-Marquardt method;arbitrary curved surfaces;model based pattern recognition;motion tracking;picture processing;Computer science;Councils;Feature extraction;Image recognition;Layout;Object recognition;Robots;Shape;Surface fitting;Tracking}, 
doi={10.1109/34.134043}, 
ISSN={0162-8828}, 
month={May},}

Edge detection
@inproceedings{gklein,
  title={Full-3D Edge Tracking with a Particle Filter},
  author={Georg Klein and David W. Murray},
  booktitle={BMVC},
  year={2006}
}

Stereo
@INPROCEEDINGS{kpauwels, 
author={K. Pauwels and L. Rubio and J. Díaz and E. Ros}, 
booktitle={2013 IEEE Conference on Computer Vision and Pattern Recognition}, 
title={Real-Time Model-Based Rigid Object Pose Estimation and Tracking Combining Dense and Sparse Visual Cues}, 
year={2013}, 
volume={}, 
number={}, 
pages={2347-2354}, 
keywords={feature extraction;graphics processing units;pose estimation;real-time systems;stereo image processing;GPU computational capability;GPU graphical capability;cue extraction level;dense motion cues;dense visual cues;graphics processing units;object manipulation;occlusions;pose tracking;real-time model-based rigid object pose estimation;real-world sequences;six-degrees-of-freedom pose;sparse keypoint correspondences;sparse visual cues;stereo cues;stereo-vision-based pose estimators;Adaptive optics;Computational modeling;Estimation;Integrated optics;Optical feedback;Optical imaging;Tracking;6DOF pose estimation;ICP;SIFT;benchmark;graphics processing unit;model-based;optical flow;real-time;stereo;tracking}, 
doi={10.1109/CVPR.2013.304}, 
ISSN={1063-6919}, 
month={June},}

@article{alexnet,
 author = {Krizhevsky, Alex and Sutskever, Ilya and Hinton, Geoffrey E.},
 title = {ImageNet Classification with Deep Convolutional Neural Networks},
 journal = {Commun. ACM},
 issue_date = {June 2017},
 volume = {60},
 number = {6},
 month = may,
 year = {2017},
 issn = {0001-0782},
 pages = {84--90},
 numpages = {7},
 url = {http://doi.acm.org/10.1145/3065386},
 doi = {10.1145/3065386},
 acmid = {3065386},
 publisher = {ACM},
 address = {New York, NY, USA}
} 

@online{apc,
  title = {Amazon Picking Challenge},
  year = 2016,
  url = {https://www.amazonrobotics.com/#/roboticschallenge},
  urldate = {2017-11-25}
}

Voting of pairs of 3D points and their normals
@INPROCEEDINGS{bdrost, 
author={B. Drost and M. Ulrich and N. Navab and S. Ilic}, 
booktitle={2010 IEEE Computer Society Conference on Computer Vision and Pattern Recognition}, 
title={Model globally, match locally: Efficient and robust 3D object recognition}, 
year={2010}, 
volume={}, 
number={}, 
pages={998-1005}, 
keywords={computer graphics;image representation;object recognition;fast voting scheme;global model description;mapping representation;point descriptors;point pair feature space model;reduced two-dimensional search space;robust 3D object recognition;scene point clouds;Cameras;Clouds;Computer science;Layout;Object detection;Object recognition;Robustness;Sensor systems;Stereo vision;Voting}, 
doi={10.1109/CVPR.2010.5540108}, 
ISSN={1063-6919}, 
month={June},}

Voting of paris of 3D points and their normals
@inproceedings{salasmoreno,
  added-at = {2014-07-31T00:00:00.000+0200},
  author = {Salas-Moreno, Renato F. and Newcombe, Richard A. and Strasdat, Hauke and Kelly, Paul H. J. and Davison, Andrew J.},
  biburl = {https://www.bibsonomy.org/bibtex/2dc20a5d2084f1ff712db0b0a41a8b125/dblp},
  booktitle = {CVPR},
  ee = {http://doi.ieeecomputersociety.org/10.1109/CVPR.2013.178},
  interhash = {926ed63914d8a4c235ec3bfba69dab9d},
  intrahash = {dc20a5d2084f1ff712db0b0a41a8b125},
  isbn = {978-0-7695-4989-7},
  keywords = {dblp},
  pages = {1352-1359},
  publisher = {IEEE Computer Society},
  timestamp = {2016-04-29T11:50:06.000+0200},
  title = {SLAM++: Simultaneous Localisation and Mapping at the Level of Objects.},
  url = {http://dblp.uni-trier.de/db/conf/cvpr/cvpr2013.html#Salas-MorenoNSKD13},
  year = 2013
}

Template based method
@ARTICLE{hinterstoisser1, 
author={S. Hinterstoisser and C. Cagniart and S. Ilic and P. Sturm and N. Navab and P. Fua and V. Lepetit}, 
journal={IEEE Transactions on Pattern Analysis and Machine Intelligence}, 
title={Gradient Response Maps for Real-Time Detection of Textureless Objects}, 
year={2012}, 
volume={34}, 
number={5}, 
pages={876-888}, 
keywords={computer vision;gradient methods;image matching;image representation;object detection;3D object instance detection;3D surface normal orientation;dense depth sensor;gradient response map;image representation;real-time detection;spread image gradient orientation;template matching;textureless object;Clutter;Image edge detection;Real time systems;Robustness;Three dimensional displays;Training;Transforms;Computer vision;multimodality template matching.;real-time detection and object recognition;tracking;Humans;Image Processing, Computer-Assisted;Imaging, Three-Dimensional;Reproducibility of Results;Surface Properties}, 
doi={10.1109/TPAMI.2011.206}, 
ISSN={0162-8828}, 
month={May},}

Template based method
@inproceedings{hinterstoisser2,
 author = {Hinterstoisser, Stefan and Lepetit, Vincent and Ilic, Slobodan and Holzer, Stefan and Bradski, Gary and Konolige, Kurt and Navab, Nassir},
 title = {	, Detection and Pose Estimation of Texture-less 3D Objects in Heavily Cluttered Scenes},
 booktitle = {Proceedings of the 11th Asian Conference on Computer Vision - Volume Part I},
 series = {ACCV'12},
 year = {2013},
 isbn = {978-3-642-37330-5},
 location = {Daejeon, Korea},
 pages = {548--562},
 numpages = {15},
 url = {http://dx.doi.org/10.1007/978-3-642-37331-2_42},
 doi = {10.1007/978-3-642-37331-2_42},
 acmid = {2481959},
 publisher = {Springer-Verlag},
 address = {Berlin, Heidelberg},
} 

Template based method
@INPROCEEDINGS{rioscabrera, 
author={R. Rios-Cabrera and T. Tuytelaars}, 
booktitle={2013 IEEE International Conference on Computer Vision}, 
title={Discriminatively Trained Templates for 3D Object Detection: A Real Time Scalable Approach}, 
year={2013}, 
volume={}, 
number={}, 
pages={2048-2055}, 
keywords={image colour analysis;object detection;LINE2D-LINEMOD representation;RGBD images;discriminatively trained templates;frame rates;monocular color images;multiple specific 3D object detection;real time scalable approach;single CPU core;template-based approach;Clutter;Object detection;Support vector machines;Testing;Three-dimensional displays;Training;US Department of Transportation;3D;Object Detection}, 
doi={10.1109/ICCV.2013.256}, 
ISSN={1550-5499}, 
month={Dec},}

Template based method
@Inbook{csteger,
author="Steger, Carsten",
editor="Radig, Bernd
and Florczyk, Stefan",
title="Similarity Measures for Occlusion, Clutter, and Illumination Invariant Object Recognition",
bookTitle="Pattern Recognition: 23rd DAGM Symposium Munich, Germany, September 12--14, 2001 Proceedings",
year="2001",
publisher="Springer Berlin Heidelberg",
address="Berlin, Heidelberg",
pages="148--154",
abstract="Novel similarity measures for object recognition and image matching are proposed, which are inherently robust against occlusion, clutter, and nonlinear illumination changes. They can be extended to be robust to global as well as local contrast reversals. The similarity measures are based on representing the model of the object to be found and the image in which the model should be found as a set of points and associated direction vectors. They are used in an object recognition system for industrial inspection that recognizes objects under Euclidean transformations in real time.",
isbn="978-3-540-45404-5",
doi="10.1007/3-540-45404-7_20",
url="https://doi.org/10.1007/3-540-45404-7_20"
}

Decision trees
@inproceedings{klai,
 author = {Lai, Kevin and Bo, Liefeng and Ren, Xiaofeng and Fox, Dieter},
 title = {A Scalable Tree-based Approach for Joint Object and Pose Recognition},
 booktitle = {Proceedings of the Twenty-Fifth AAAI Conference on Artificial Intelligence},
 series = {AAAI'11},
 year = {2011},
 location = {San Francisco, California},
 pages = {1474--1480},
 numpages = {7},
 url = {http://dl.acm.org/citation.cfm?id=2900423.2900656},
 acmid = {2900656},
 publisher = {AAAI Press}
} 

Decision trees to detect objects and estimate pose
@INPROCEEDINGS{rjuranek, 
author={R. Juránek and A. Herout and M. Dubská and P. Zemcík}, 
booktitle={2015 IEEE International Conference on Computer Vision (ICCV)}, 
title={Real-Time Pose Estimation Piggybacked on Object Detection}, 
year={2015}, 
volume={}, 
number={}, 
pages={2381-2389}, 
keywords={feature extraction;object detection;road vehicles;traffic engineering computing;3D objects;C++ code;COD20k;KITTI;Matlab;WCVP;image features extraction;object detection;pose annotation;real-time pose estimation;vehicle detection;viewpoint annotation;Cameras;Detectors;Feature extraction;Real-time systems;Three-dimensional displays;Training}, 
doi={10.1109/ICCV.2015.274}, 
ISSN={}, 
month={Dec},}

@Inbook{brachmann1,
author="Brachmann, Eric
and Krull, Alexander
and Michel, Frank
and Gumhold, Stefan
and Shotton, Jamie
and Rother, Carsten",
title="Learning 6D Object Pose Estimation Using 3D Object Coordinates",
bookTitle="Computer Vision -- ECCV 2014: 13th European Conference, Zurich, Switzerland, September 6-12, 2014, Proceedings, Part II",
year="2014",
publisher="Springer International Publishing",
address="Cham",
pages="536--551",
doi="10.1007/978-3-319-10605-2_35",
url="https://doi.org/10.1007/978-3-319-10605-2_35"
}

@inproceedings{tsharp,
 author = {Sharp, Toby},
 title = {The Vitruvian Manifold: Inferring Dense Correspondences for One-shot Human Pose Estimation},
 booktitle = {Proceedings of the 2012 IEEE Conference on Computer Vision and Pattern Recognition (CVPR)},
 series = {CVPR '12},
 year = {2012},
 isbn = {978-1-4673-1226-4},
 pages = {103--110},
 numpages = {8},
 url = {http://dl.acm.org/citation.cfm?id=2354409.2354668},
 acmid = {2354668},
 publisher = {IEEE Computer Society},
 address = {Washington, DC, USA},
 keywords = {Optimization,Shape,Joints,Vegetation,Manifolds,Estimation,Training}
} 

@INPROCEEDINGS{firstcoordinateregression,
author={J. Shotton and B. Glocker and C. Zach and S. Izadi and A. Criminisi and A. Fitzgibbon},
booktitle={2013 IEEE Conference on Computer Vision and Pattern Recognition},
title={Scene Coordinate Regression Forests for Camera Relocalization in RGB-D Images},
year={2013},
volume={},
number={},
pages={2930-2937},
keywords={cameras;image processing;optimisation;regression analysis;3D points;RANSAC;RGB-D camera;RGB-D images;acquired image;camera relocalization;hypothesized camera poses;image pixels;robust optimization scheme;scene coordinate regression forests;Cameras;Feature extraction;Optimization;Prediction algorithms;Three-dimensional displays;Training;Vegetation},
doi={10.1109/CVPR.2013.377},
ISSN={1063-6919},
month={June},}

@article{akrull,
  author    = {Alexander Krull and
               Eric Brachmann and
               Frank Michel and
               Michael Ying Yang and
               Stefan Gumhold and
               Carsten Rother},
  title     = {Learning Analysis-by-Synthesis for 6D Pose Estimation in {RGB-D} Images},
  journal   = {CoRR},
  volume    = {abs/1508.04546},
  year      = {2015},
  url       = {http://arxiv.org/abs/1508.04546},
  archivePrefix = {arXiv},
  eprint    = {1508.04546},
  timestamp = {Wed, 07 Jun 2017 14:40:23 +0200},
  biburl    = {http://dblp.org/rec/bib/journals/corr/KrullBMYGR15},
  bibsource = {dblp computer science bibliography, http://dblp.org}
}

@article{azeng,
  author    = {Andy Zeng and
               Kuan{-}Ting Yu and
               Shuran Song and
               Daniel Suo and
               Ed Walker Jr. and
               Alberto Rodriguez and
               Jianxiong Xiao},
  title     = {Multi-view Self-supervised Deep Learning for 6D Pose Estimation in
               the Amazon Picking Challenge},
  journal   = {CoRR},
  volume    = {abs/1609.09475},
  year      = {2016},
  url       = {http://arxiv.org/abs/1609.09475},
  archivePrefix = {arXiv},
  eprint    = {1609.09475},
  timestamp = {Wed, 07 Jun 2017 14:40:22 +0200},
  biburl    = {http://dblp.org/rec/bib/journals/corr/ZengYSSWRX16},
  bibsource = {dblp computer science bibliography, http://dblp.org}
}

@article{posenet,
  author    = {Alex Kendall and
               Matthew Grimes and
               Roberto Cipolla},
  title     = {Convolutional networks for real-time 6-DOF camera relocalization},
  journal   = {CoRR},
  volume    = {abs/1505.07427},
  year      = {2015},
  url       = {http://arxiv.org/abs/1505.07427},
  archivePrefix = {arXiv},
  eprint    = {1505.07427},
  timestamp = {Wed, 07 Jun 2017 14:41:53 +0200},
  biburl    = {http://dblp.org/rec/bib/journals/corr/KendallGC15},
  bibsource = {dblp computer science bibliography, http://dblp.org}
}

@INPROCEEDINGS{googlenet,
author={C. Szegedy and Wei Liu and Yangqing Jia and P. Sermanet and S. Reed and D. Anguelov and D. Erhan and V. Vanhoucke and A. Rabinovich},
booktitle={2015 IEEE Conference on Computer Vision and Pattern Recognition (CVPR)},
title={Going deeper with convolutions},
year={2015},
volume={},
number={},
pages={1-9},
keywords={Hebbian learning;convolution;decision making;feature extraction;image classification;neural net architecture;resource allocation;Hebbian principle;architectural decision;convolutional neural network architecture;object classification;object detection;resource utilization;Computer architecture;Computer vision;Convolutional codes;Neural networks;Object detection;Sparse matrices;Visualization},
doi={10.1109/CVPR.2015.7298594},
ISSN={1063-6919},
month={June},}

@article{dtome,
  author    = {Denis Tom{\`{e}} and
               Chris Russell and
               Lourdes Agapito},
  title     = {Lifting from the Deep: Convolutional 3D Pose Estimation from a Single
               Image},
  journal   = {CoRR},
  volume    = {abs/1701.00295},
  year      = {2017},
  url       = {http://arxiv.org/abs/1701.00295},
  archivePrefix = {arXiv},
  eprint    = {1701.00295},
  timestamp = {Wed, 07 Jun 2017 14:41:48 +0200},
  biburl    = {http://dblp.org/rec/bib/journals/corr/TomeRA17},
  bibsource = {dblp computer science bibliography, http://dblp.org}
}

@INPROCEEDINGS{brachmann2, 
author={E. Brachmann and F. Michel and A. Krull and M. Y. Yang and S. Gumhold and C. Rother}, 
booktitle={2016 IEEE Conference on Computer Vision and Pattern Recognition (CVPR)}, 
title={Uncertainty-Driven 6D Pose Estimation of Objects and Scenes from a Single RGB Image}, 
year={2016}, 
volume={}, 
number={}, 
pages={3364-3372}, 
keywords={cameras;pose estimation;regression analysis;3D object coordinates;RANSAC hypothesis;auto-context regression framework;camera localization;complete scenes;consumer RGB-D cameras;discrete distributions;missing depth information;object coordinate distribution marginalization;object instances;object label predictions;single RGB image;uncertainty-driven 6D pose estimation;Augmented reality;Cameras;Context;Pipelines;Pose estimation;Three-dimensional displays;Uncertainty}, 
doi={10.1109/CVPR.2016.366}, 
ISSN={}, 
month={June},}

@article{trees-vs-cnn,
  author    = {Daniela Massiceti and
               Alexander Krull and
               Eric Brachmann and
               Carsten Rother and
               Philip H. S. Torr},
  title     = {Random Forests versus Neural Networks - What's Best for Camera Relocalization?},
  journal   = {CoRR},
  volume    = {abs/1609.05797},
  year      = {2016},
  url       = {http://arxiv.org/abs/1609.05797},
  archivePrefix = {arXiv},
  eprint    = {1609.05797},
  timestamp = {Wed, 07 Jun 2017 14:40:31 +0200},
  biburl    = {http://dblp.org/rec/bib/journals/corr/MassicetiKBRT16},
  bibsource = {dblp computer science bibliography, http://dblp.org}
}

@article{bb8,
  author    = {Mahdi Rad and
               Vincent Lepetit},
  title     = {{BB8:} {A} Scalable, Accurate, Robust to Partial Occlusion Method
               for Predicting the 3D Poses of Challenging Objects without Using Depth},
  journal   = {CoRR},
  volume    = {abs/1703.10896},
  year      = {2017},
  url       = {http://arxiv.org/abs/1703.10896},
  archivePrefix = {arXiv},
  eprint    = {1703.10896},
  timestamp = {Wed, 07 Jun 2017 14:42:34 +0200},
  biburl    = {http://dblp.org/rec/bib/journals/corr/RadL17},
  bibsource = {dblp computer science bibliography, http://dblp.org}
}

@article{pertsch,
	author = {Karl Pertsch},
	title = {Improving 6D Pose Estimation by Predicting Accurate Instance segmentation Masks},
	year = {2017},
	publisher={TU Dresden},
	address={TU Dresden, Dresden}
}

@article{poseagent,
  author    = {Alexander Krull and
               Eric Brachmann and
               Sebastian Nowozin and
               Frank Michel and
               Jamie Shotton and
               Carsten Rother},
  title     = {PoseAgent: Budget-Constrained 6D Object Pose Estimation via Reinforcement
               Learning},
  journal   = {CoRR},
  volume    = {abs/1612.03779},
  year      = {2016},
  url       = {http://arxiv.org/abs/1612.03779},
  archivePrefix = {arXiv},
  eprint    = {1612.03779},
  timestamp = {Wed, 07 Jun 2017 14:41:53 +0200},
  biburl    = {http://dblp.org/rec/bib/journals/corr/KrullBNMSR16},
  bibsource = {dblp computer science bibliography, http://dblp.org}
}

@article{oronneberger,
  author    = {Olaf Ronneberger and
               Philipp Fischer and
               Thomas Brox},
  title     = {U-Net: Convolutional Networks for Biomedical Image Segmentation},
  journal   = {CoRR},
  volume    = {abs/1505.04597},
  year      = {2015},
  url       = {http://arxiv.org/abs/1505.04597},
  archivePrefix = {arXiv},
  eprint    = {1505.04597},
  timestamp = {Wed, 07 Jun 2017 14:40:33 +0200},
  biburl    = {http://dblp.org/rec/bib/journals/corr/RonnebergerFB15},
  bibsource = {dblp computer science bibliography, http://dblp.org}
}

@Inbook{kurmann,
author="Kurmann, Thomas
and Marquez Neila, Pablo
and Du, Xiaofei
and Fua, Pascal
and Stoyanov, Danail
and Wolf, Sebastian
and Sznitman, Raphael",
title="Simultaneous Recognition and Pose Estimation of Instruments in Minimally Invasive Surgery",
bookTitle="Medical Image Computing and Computer-Assisted Intervention − MICCAI 2017: 20th International Conference, Quebec City, QC, Canada, September 11-13, 2017, Proceedings, Part II",
year="2017",
publisher="Springer International Publishing",
address="Cham",
pages="505--513",
isbn="978-3-319-66185-8",
doi="10.1007/978-3-319-66185-8_57",
url="https://doi.org/10.1007/978-3-319-66185-8_57"
}

@InProceedings{ssd-6d,
author = {Kehl, Wadim and Manhardt, Fabian and Tombari, Federico and Ilic, Slobodan and Navab, Nassir},
title = {SSD-6D: Making RGB-Based 3D Detection and 6D Pose Estimation Great Again},
booktitle = {The IEEE International Conference on Computer Vision (ICCV)},
month = {Oct},
year = {2017}
}

@article{ssd,
  author    = {Wei Liu and
               Dragomir Anguelov and
               Dumitru Erhan and
               Christian Szegedy and
               Scott E. Reed and
               Cheng{-}Yang Fu and
               Alexander C. Berg},
  title     = {{SSD:} Single Shot MultiBox Detector},
  journal   = {CoRR},
  volume    = {abs/1512.02325},
  year      = {2015},
  url       = {http://arxiv.org/abs/1512.02325},
  archivePrefix = {arXiv},
  eprint    = {1512.02325},
  timestamp = {Wed, 07 Jun 2017 14:42:54 +0200},
  biburl    = {http://dblp.org/rec/bib/journals/corr/LiuAESR15},
  bibsource = {dblp computer science bibliography, http://dblp.org}
}

@article{inceptionv4,
  author    = {Christian Szegedy and
               Sergey Ioffe and
               Vincent Vanhoucke},
  title     = {Inception-v4, Inception-ResNet and the Impact of Residual Connections
               on Learning},
  journal   = {CoRR},
  volume    = {abs/1602.07261},
  year      = {2016},
  url       = {http://arxiv.org/abs/1602.07261},
  archivePrefix = {arXiv},
  eprint    = {1602.07261},
  timestamp = {Wed, 07 Jun 2017 14:42:58 +0200},
  biburl    = {http://dblp.org/rec/bib/journals/corr/SzegedyIV16},
  bibsource = {dblp computer science bibliography, http://dblp.org}
}

@article{mscoco,
  author    = {Tsung{-}Yi Lin and
               Michael Maire and
               Serge J. Belongie and
               Lubomir D. Bourdev and
               Ross B. Girshick and
               James Hays and
               Pietro Perona and
               Deva Ramanan and
               Piotr Doll{\'{a}}r and
               C. Lawrence Zitnick},
  title     = {Microsoft {COCO:} Common Objects in Context},
  journal   = {CoRR},
  volume    = {abs/1405.0312},
  year      = {2014},
  url       = {http://arxiv.org/abs/1405.0312},
  archivePrefix = {arXiv},
  eprint    = {1405.0312},
  timestamp = {Wed, 07 Jun 2017 14:41:35 +0200},
  biburl    = {http://dblp.org/rec/bib/journals/corr/LinMBHPRDZ14},
  bibsource = {dblp computer science bibliography, http://dblp.org}
}

@article{yolo,
  author    = {Joseph Redmon and
               Santosh Kumar Divvala and
               Ross B. Girshick and
               Ali Farhadi},
  title     = {You Only Look Once: Unified, Real-Time Object Detection},
  journal   = {CoRR},
  volume    = {abs/1506.02640},
  year      = {2015},
  url       = {http://arxiv.org/abs/1506.02640},
  archivePrefix = {arXiv},
  eprint    = {1506.02640},
  timestamp = {Wed, 07 Jun 2017 14:40:10 +0200},
  biburl    = {http://dblp.org/rec/bib/journals/corr/RedmonDGF15},
  bibsource = {dblp computer science bibliography, http://dblp.org}
}

@techreport{activesurvey,
  added-at = {2011-03-25T11:05:49.000+0100},
  author = {Settles, Burr},
  biburl = {https://www.bibsonomy.org/bibtex/211a6f820b613ae8cacc5cccfe41f6b38/beate},
  institution = {University of Wisconsin--Madison},
  interhash = {d21ffc0eaffcf51e86e81779fe2b22c2},
  intrahash = {11a6f820b613ae8cacc5cccfe41f6b38},
  keywords = {active-learning literature-review spam-detection survey},
  number = 1648,
  timestamp = {2011-03-25T11:05:49.000+0100},
  title = {Active Learning Literature Survey},
  type = {Computer Sciences Technical Report},
  url = {http://axon.cs.byu.edu/~martinez/classes/778/Papers/settles.activelearning.pdf},
  year = 2009
}

@article{electrodiagrams,
title = "Deep learning approach for active classification of electrocardiogram signals",
journal = "Information Sciences",
volume = "345",
number = "Supplement C",
pages = "340 - 354",
year = "2016",
issn = "0020-0255",
doi = "https://doi.org/10.1016/j.ins.2016.01.082",
url = "http://www.sciencedirect.com/science/article/pii/S0020025516300184",
author = "M.M. Al Rahhal and Yakoub Bazi and Haikel AlHichri and Naif Alajlan and Farid Melgani and R.R. Yager",
keywords = "ECG signal classification, Feature learning, Denoising autoencoder (DAE), Deep neural network (DNN), Active learning (AL)"
}

@INPROCEEDINGS{hyperspectral,
author={J. Li},
booktitle={2015 7th Workshop on Hyperspectral Image and Signal Processing: Evolution in Remote Sensing (WHISPERS)},
title={Active learning for hyperspectral image classification with a stacked autoencoders based neural network},
year={2015},
volume={},
number={},
pages={1-4},
keywords={Hyperspectral imaging;Measurement uncertainty;Neural networks;Support vector machines;Training;Uncertainty;active learning;classification;hyperspectralimage;neural network;stacked autoencoders},
doi={10.1109/WHISPERS.2015.8075429},
ISSN={},
month={June},}

@INPROCEEDINGS{dwang,
author={D. Wang and Y. Shang},
booktitle={2014 International Joint Conference on Neural Networks (IJCNN)},
title={A new active labeling method for deep learning},
year={2014},
volume={},
number={},
pages={112-119},
keywords={Boltzmann machines;learning (artificial intelligence);AL-DL;MNIST benchmark dataset;active labeling method;data selection;deep learning networks;least confidence;margin sampling;stacked autoencoders;stacked restricted Boltzmann machines;Classification algorithms;Entropy;Labeling;Measurement;Neural networks;Training;Uncertainty},
doi={10.1109/IJCNN.2014.6889457},
ISSN={2161-4393},
month={July},
}

@InProceedings{zhou,
author = {Zhou, Zongwei and Shin, Jae and Zhang, Lei and Gurudu, Suryakanth and Gotway, Michael and Liang, Jianming},
title = {Fine-Tuning Convolutional Neural Networks for Biomedical Image Analysis: Actively and Incrementally},
booktitle = {The IEEE Conference on Computer Vision and Pattern Recognition (CVPR)},
month = {July},
year = {2017}
}

 @InProceedings{humanpose,
author = {Liu, Buyu and Ferrari, Vittorio},
title = {Active Learning for Human Pose Estimation},
booktitle = {The IEEE International Conference on Computer Vision (ICCV)},
month = {Oct},
year = {2017}
}
